@misc{1,
	title = {{Spacetime}},
	year = {2020},
	month = {Jul},
	note = {[Online; accessed 8. May 2021]},
	url = {https://www.pitt.edu/jdnorton/teaching/HPS0410/chapters/spacetime/index.html}
}